% List your bibliography here
@ARTICLE{arun2017, 
author={S. L. {Arun} and M. P. {Selvan}}, 
journal={IET Generation, Transmission Distribution}, 
title={Dynamic demand response in smart buildings using an intelligent residential load management system}, 
year={2017}, 
volume={11}, 
number={17}, 
pages={4348-4357}, 
month={},}

@book{borlase2016,
  title={Smart Grids: Infrastructure, Technology, and Solutions},
  author={Borlase, Stuart},
  year={2016},
  publisher={CRC Press}
}

@ARTICLE{fang2012, 
author={X. {Fang} and S. {Misra} and G. {Xue} and D. {Yang}}, 
journal={IEEE Communications Surveys Tutorials}, 
title={Smart Grid â€” The New and Improved Power Grid: A Survey}, 
year={2012}, 
volume={14}, 
number={4}, 
pages={944-980}, 
month={Fourth},}

@misc{MoP2018,
author = {{Ministry of Power}},
title = {Draft proposed amendment to Electricity Act, 2003 - Ministry of Power},
year= {2018}, 
url = "https://powermin.nic.in/sites/default/files/webform/notices/Proposed\_amendment\_to\_Elelctricity\_Act\_\%202003.pdf", 
note = "[accessed 04-May-2019]",
}

@article{park2010, 
author={S. Park and H. Kim and H. Moon and J. Heo and S. Yoon}, 
journal={IEEE Transactions on Consumer Electronics}, 
title={Concurrent simulation platform for energy-aware smart metering systems}, 
year={2010}, 
volume={56}, 
number={3}, 
pages={1918-1926},
month={Aug},}
